<record><leader>00000cas a22000007a 4500</leader><controlfield tag="001">13901517</controlfield><controlfield tag="008">860718d189u1uuualuwr ne      0    0eng d</controlfield><datafield ind1=" " ind2=" " tag="010"><subfield code="a">sn 86050287 </subfield></datafield><datafield ind1=" " ind2=" " tag="040"><subfield code="a">AAR</subfield><subfield code="b">eng</subfield><subfield code="c">AAR</subfield><subfield code="d">CPN</subfield><subfield code="d">TGN</subfield><subfield code="d">OCLCQ</subfield><subfield code="d">OCLCF</subfield><subfield code="d">OCLCO</subfield></datafield><datafield ind1="1" ind2=" " tag="029"><subfield code="a">AU@</subfield><subfield code="b">000026147352</subfield></datafield><datafield ind1=" " ind2=" " tag="042"><subfield code="a">msc</subfield></datafield><datafield ind1=" " ind2=" " tag="043"><subfield code="a">n-us-al</subfield></datafield><datafield ind1="0" ind2="4" tag="245"><subfield code="a">The Geneva mirror.</subfield></datafield><datafield ind1=" " ind2=" " tag="260"><subfield code="a">Geneva, Ala. :</subfield><subfield code="b">Mirror Pub. Co.</subfield></datafield><datafield ind1=" " ind2=" " tag="300"><subfield code="a">v. :</subfield><subfield code="b">ill. ;</subfield><subfield code="c">60 cm.</subfield></datafield><datafield ind1=" " ind2=" " tag="310"><subfield code="a">Weekly</subfield></datafield><datafield ind1=" " ind2=" " tag="515"><subfield code="a">Numbering is irregular.</subfield></datafield><datafield ind1=" " ind2=" " tag="588"><subfield code="a">Description based on: Vol. 3, no. 7 (Jan. 19, 1894).</subfield></datafield><datafield ind1=" " ind2="0" tag="651"><subfield code="a">Geneva (Ala.)</subfield><subfield code="v">Newspapers.</subfield></datafield><datafield ind1=" " ind2="0" tag="651"><subfield code="a">Geneva County (Ala.)</subfield><subfield code="v">Newspapers.</subfield></datafield><datafield ind1=" " ind2="7" tag="655"><subfield code="a">Newspapers.</subfield><subfield code="2">fast</subfield><subfield code="0">(OCoLC)fst01423814</subfield></datafield><datafield ind1=" " ind2="7" tag="651"><subfield code="a">Alabama</subfield><subfield code="z">Geneva.</subfield><subfield code="2">fast</subfield><subfield code="0">(OCoLC)fst01226256</subfield></datafield><datafield ind1=" " ind2="7" tag="651"><subfield code="a">Alabama</subfield><subfield code="z">Geneva County.</subfield><subfield code="2">fast</subfield><subfield code="0">(OCoLC)fst01211928</subfield></datafield><datafield ind1=" " ind2=" " tag="752"><subfield code="a">United States</subfield><subfield code="b">Alabama</subfield><subfield code="c">Geneva</subfield><subfield code="d">Geneva.</subfield></datafield><datafield ind1="0" ind2="0" tag="780"><subfield code="t">Mirror (Geneva, Ala.)</subfield><subfield code="w">(DLC)sn 86050286</subfield></datafield></record>